@book{Wohler09,
    author    = "Christian Wöhler",
    title     = "3D Computer Vision - Efficient Methods and Applications",
    year      = "2009",
    publisher = "Springer",
    address   = "New York"
}

@book{Trucco98,
    author    = "Emanuele Trucco and Alessandro  Verri",
    title     = "Introductory Techniques for 3-D Computer Vision",
    year      = "1998",
    publisher = "Prentice Hall",
    address   = "Cambridge, MA"
}

@book{Gonzalez,
author = {C Gonzalez, Rafael and E Woods, Richard and R Masters, Barry},
year = {2008},
title = {Digital Image Processing, Third Edition},
publisher = {Pearson Education, Inc},
}

@article{3DComputerVision,
author = {Cyganek, Boguslaw and Siebert, Jan},
year = {2009},
month = {01},
pages = {},
title = {An Introduction to 3D Computer Vision Techniques and Algorithms},
journal = {An Introduction to 3D Computer Vision Techniques and Algorithms},
doi = {10.1002/9780470699720}
}

@autor{CodigosImagem,
author = {BARROS, W. F},
year = {2004},
title = {Códigos em C/C++ para leitura e escrita de Imagem},
}

@autor{CodigosMatriz,
author = {BARROS, W. F},
year = {2004},
title = {Códigos em C/C++ para operações com matriz 3x3},
}

@misc{matlabDoc,
  title = {Matrix Representation of Geometric Transformations},
  howpublished = {\url{https://www.mathworks.com/help/images/matrix-representation-of-geometric-transformations.html}},
  note = {Accessado: 2019-05-25}
}